@article{feppon_asymptotic_2024,
  title = {Asymptotic Expansions of {{Stokes}} Flows in Finite Periodic Channels},
  author = {Feppon, F.},
  year = {2024},
  journal = {To appear in SIAM Multiscale Modeling \& Simulation},
  urldate = {2024-03-14},
  file = {/home/florian/Zotero/storage/345A2DV2/Feppon_2024_Asymptotic expansions of Stokes flows in finite periodic channels.pdf}
}
